



@ARTICLE{Winch74,
   author = {{Winch}, D.~E.},
    title = "{Evaluation of geomagnetic dynamo integrals.}",
  journal = {Journal of Geomagnetism and Geoelectricity},
     year = 1974,
   volume = 26,
    pages = {87-94},
      doi = {10.5636/jgg.26.87},
   adsurl = {http://adsabs.harvard.edu/abs/1974JGG....26...87W},
  adsnote = {Provided by the SAO/NASA Astrophysics Data System}
}


@ARTICLE{GW1,
   author = {{Geppert}, U. and {Wiebicke}, H.-J.},
    title = "{Amplification of neutron star magnetic fields by thermoelectric effects. I - General formalism}",
  journal = {\aaps},

keywords = {Computational Astrophysics, Formalism, Neutron Stars, Stellar Magnetic Fields, Thermoelectricity, Field Strength, Magnetic Field Configurations, Stellar Envelopes, Transport Theory},
     year = 1991,
    month = feb,
   volume = 87,
    pages = {217-228},
   adsurl = {http://adsabs.harvard.edu/abs/1991A%26AS...87..217G},
  adsnote = {Provided by the SAO/NASA Astrophysics Data System}
}

@ARTICLE{GW2,
   author = {{Wiebicke}, H.-J. and {Geppert}, U.},
    title = "{Amplification of neutron star magnetic fields by thermoelectric effects. II - Linear approximation}",
  journal = {\aap},
 keywords = {Heat Transfer, Neutron Stars, Stellar Magnetic Fields, Thermoelectricity, Differential Equations, Hydrodynamics, Linearization, Morse Potential, Potential Energy, Surface Temperature},
     year = 1991,
    month = may,
   volume = 245,
    pages = {331-340},
   adsurl = {http://adsabs.harvard.edu/abs/1991A%26A...245..331W},
  adsnote = {Provided by the SAO/NASA Astrophysics Data System}
}

@ARTICLE{GW3,
   author = {{Wiebicke}, H.-J. and {Geppert}, U.},
    title = "{Amplification of neutron star magnetic fields by thermoelectric effects. III - Growth limits in nonlinear calculations}",
  journal = {\aap},
 keywords = {Neutron Stars, Nonlinear Equations, Stellar Magnetic Fields, Thermoelectricity, Computational Astrophysics, Differential Equations, Spherical Harmonics},
     year = 1992,
    month = aug,
   volume = 262,
    pages = {125-130},
   adsurl = {http://adsabs.harvard.edu/abs/1992A%26A...262..125W},
  adsnote = {Provided by the SAO/NASA Astrophysics Data System}
}

@ARTICLE{GW4,
   author = {{Wiebicke}, H.-J. and {Geppert}, U.},
    title = "{Amplification of neutron star magnetic fields by thermoelectric effects. IV. Averaged small-scale modes and selection rules for large-scale modes.}",
  journal = {\aap},
 keywords = {STARS: NEUTRON, STARS: EVOLUTION, STARS: MAGNETIC FIELDS},
     year = 1995,
    month = feb,
   volume = 294,
    pages = {303-312},
   adsurl = {http://adsabs.harvard.edu/abs/1995A%26A...294..303W},
  adsnote = {Provided by the SAO/NASA Astrophysics Data System}
}

@ARTICLE{GW5,
   author = {{Geppert}, U. and {Wiebicke}, H.-J.},
    title = "{Amplification of neutron star magnetic fields by thermoelectric effects. V. Induction of large-scale toroidal fields}",
  journal = {\aap},
 keywords = {STARS: NEUTRON, STARS: MAGNETIC FIELD, STARS: EVOLUTION},
     year = 1995,
    month = aug,
   volume = 300,
    pages = {429},
   adsurl = {http://adsabs.harvard.edu/abs/1995A%26A...300..429G},
  adsnote = {Provided by the SAO/NASA Astrophysics Data System}
}

@BOOK{QTAM,
   author = {{Varshalovich}, D.~A. and {Moskalev}, A.~N. and {Khersonskii}, V.~K.
	},
    title = "{Quantum Theory of Angular Momentum}",
booktitle = {Quantum Theory of Angular Momentum.~Edited by VARSHALOVICH D A, MOSKALEV A N {\amp} KHERSONSKII V K.~Published by World Scientific Publishing Co.~Pte.~Ltd., .~ISBN \#9789814415491},
     year = 1988,
publisher = {World Scientific Publishing Co.},
      doi = {10.1142/0270},
   adsurl = {http://adsabs.harvard.edu/abs/1988qtam.book.....V},
  adsnote = {Provided by the SAO/NASA Astrophysics Data System}
}

@ARTICLE{Radler73,
   author = {{R{\"a}dler}, K.~H.},
    title = "{Zur Dynamotheorie Kosmicher Magnetfelder. I. Gleichungen f{\"u}r Sph{\"a}rische Dynamomodelle}",
  journal = {Astronomische Nachrichten},
 keywords = {DYNAMO THEORY, MAGNETIC FIELDS, THEORY,},
     year = 1973,
    month = oct,
   volume = 294,
    pages = {213-223},
      doi = {10.1002/asna.19722940505},
   adsurl = {http://adsabs.harvard.edu/abs/1973AN....294..213R},
  adsnote = {Provided by the SAO/NASA Astrophysics Data System}
}

@ARTICLE{Radler74,
   author = {{R{\"a}dler}, K.~H.},
    title = "{Zur Dynamotheorie Kosmicher Magnetfelder. II. Darstellung von Vektorfeldern als Summe aus einem Poloidalen und einem Toroidalen Anteil}",
  journal = {Astronomische Nachrichten},
 keywords = {MAGNETIC FIELDS, DYNAMO THEORY, THEORY,},
     year = 1974,
   volume = 295,
    pages = {73-84},
      doi = {10.1002/asna.19742950203},
   adsurl = {http://adsabs.harvard.edu/abs/1974AN....295...73R},
  adsnote = {Provided by the SAO/NASA Astrophysics Data System}
}

@BOOK{Edmonds1960,
   author = {{Edmonds}, A.~R.},
    title = "{Angular Momentum in Quantum Mechanics}",
booktitle = {Angular Momentum in Quantum Mechanics, Princeton: Princeton University Press, 1960},
    publisher = {Princeton University Press},
     year = 1960,
   adsurl = {http://adsabs.harvard.edu/abs/1960amqm.book.....E},
  adsnote = {Provided by the SAO/NASA Astrophysics Data System}
}

@BOOK{AkheizerBook,
   author = {{Akheizer}, A.~I. and {Berestetskii}, V.~B.},
    title = "{Quantum Electrodynamics}",
booktitle = {Quantum Electrodynamics, John Wiley {\amp} Sons Inc., .~ISBN \#9780470018484},
     year = 1965,
publisher = {John Wiley and Sons Inc.}
}

@ARTICLE{Vigano2012,
   author = {{Vigan{\`o}}, D. and {Pons}, J.~A. and {Miralles}, J.~A.},
    title = "{A new code for the Hall-driven magnetic evolution of neutron stars}",
  journal = {Computer Physics Communications},
archivePrefix = "arXiv",
   eprint = {1204.4707},
 primaryClass = "astro-ph.SR",
     year = 2012,
    month = oct,
   volume = 183,
    pages = {2042-2053},
      doi = {10.1016/j.cpc.2012.04.029},
   adsurl = {http://adsabs.harvard.edu/abs/2012CoPhC.183.2042V},
  adsnote = {Provided by the SAO/NASA Astrophysics Data System}
}

@ARTICLE{TranDritschel2010,
   author = {{Tran}, C.~V. and {Dritschel}, D.~G.},
    title = "{Energy dissipation and resolution of steep gradients in one-dimensional Burgers flows}",
  journal = {Physics of Fluids},
archivePrefix = "arXiv",
   eprint = {0912.2007},
 primaryClass = "physics.flu-dyn",
 keywords = {shock waves, turbulence, viscosity, Dynamical systems approaches, Shock wave interactions and shock effects, Dynamical systems methods},
     year = 2010,
    month = mar,
   volume = 22,
   number = 3,
      eid = {037102-037102-7},
    pages = {037102-037102-7},
      doi = {10.1063/1.3327284},
   adsurl = {http://adsabs.harvard.edu/abs/2010PhFl...22c7102T},
  adsnote = {Provided by the SAO/NASA Astrophysics Data System}
}

@ARTICLE{Elfritz2016,
   author = {{Elfritz}, J.~G. and {Pons}, J.~A. and {Rea}, N. and {Glampedakis}, K. and 
	{Vigan{\`o}}, D.},
    title = "{Simulated magnetic field expulsion in neutron star cores}",
  journal = {\mnras},
archivePrefix = "arXiv",
   eprint = {1512.07151},
 primaryClass = "astro-ph.SR",
 keywords = {methods: numerical, stars: evolution, stars: magnetars, stars: magnetic field, stars: neutron},
     year = 2016,
    month = mar,
   volume = 456,
    pages = {4461-4474},
      doi = {10.1093/mnras/stv2963},
   adsurl = {http://adsabs.harvard.edu/abs/2016MNRAS.456.4461E},
  adsnote = {Provided by the SAO/NASA Astrophysics Data System}
}

@ARTICLE{Bransgrove2018,
   author = {{Bransgrove}, A. and {Levin}, Y. and {Beloborodov}, A.},
    title = "{Magnetic field evolution of neutron stars - I. Basic formalism, numerical techniques and first results}",
  journal = {\mnras},
archivePrefix = "arXiv",
   eprint = {1709.09167},
 primaryClass = "astro-ph.HE",
 keywords = {methods: numerical, stars: neutron, ISM: magnetic fields},
     year = 2018,
    month = jan,
   volume = 473,
    pages = {2771-2790},
      doi = {10.1093/mnras/stx2508},
   adsurl = {http://adsabs.harvard.edu/abs/2018MNRAS.473.2771B},
  adsnote = {Provided by the SAO/NASA Astrophysics Data System}
}

@article{Dong2002,
    title = "{The overlap integral of three associated Legendre polynomials}",
    journal = "{Applied Mathematics Letters}",
    volume = 15,
    number = 5,
    pages = {541 - 546},
    year = 2002,
    issn = "0893-9659",
    doi = "https://doi.org/10.1016/S0893-9659(02)80004-0",
    url = "http://www.sciencedirect.com/science/article/pii/S0893965902800040",
    author = {{Dong}, S.-h. and {Lemus}, R.},
    keywords = "Associated Legendre polynomial, Overlap integral.",
    abstract = "A closed formula with a double sum is obtained for the overlap integral of three associated Legendre polynomials (ALPs). The result is applicable to integral involving the ALP with arbitrary degree l and order m. Special overlap integrals, including the cases m3 = m1 + m2 or |m1 â€“ m2|, are presented. A general formula for the overlap integral of an arbitrary number of ALPs is also developed."
}

@ARTICLE{PonsGeppert2007,
   author = {{Pons}, J.~A. and {Geppert}, U.},
    title = "{Magnetic field dissipation in neutron star crusts: from magnetars to isolated neutron stars}",
  journal = {\aap},
   eprint = {astro-ph/0703267},
 keywords = {stars: neutron, stars: magnetic fields, stars: evolution},
     year = 2007,
    month = jul,
   volume = 470,
    pages = {303-315},
      doi = {10.1051/0004-6361:20077456},
   adsurl = {http://adsabs.harvard.edu/abs/2007A%26A...470..303P},
  adsnote = {Provided by the SAO/NASA Astrophysics Data System}
}

@PHDTHESIS{ViganoThesis,
   author = {{Vigan{\`o}}, D.},
    title = "{Magnetic fields in neutron stars}",
 keywords = {Astrophysics - High Energy Astrophysical Phenomena},
   school = {University of Alicante},
     year = 2013,
    month = September,
   adsurl = {http://adsabs.harvard.edu/abs/2013PhDT.........7V},
  adsnote = {Provided by the SAO/NASA Astrophysics Data System}
}

@BOOK{KrauseRadlerBook,
   author = {{Krause}, F. and {R{\"a}dler}, K.-H.},
    title = "{Mean-field magnetohydrodynamics and dynamo theory}",
 keywords = {Dynamo Theory, Electrodynamics, Magnetic Fields, Magnetohydrodynamic Flow, Turbulent Flow, Celestial Bodies, Electromotive Forces, Geomagnetism, Homogeneous Turbulence, Poloidal Flux, Rotating Fluids, Solar Magnetic Field, Stellar Magnetic Fields},
booktitle = {Organic Photonics and Photovoltaics},
     year = 1980,
   adsurl = {http://adsabs.harvard.edu/abs/1980opp..bookR....K},
  adsnote = {Provided by the SAO/NASA Astrophysics Data System}
}

@ARTICLE{MagnetarReview,
   author = {{Turolla}, R. and {Zane}, S. and {Watts}, A.~L.},
    title = "{Magnetars: the physics behind observations. A review}",
  journal = {Reports on Progress in Physics},
archivePrefix = "arXiv",
   eprint = {1507.02924},
 primaryClass = "astro-ph.HE",
     year = 2015,
    month = nov,
   volume = 78,
   number = 11,
      eid = {116901},
    pages = {116901},
      doi = {10.1088/0034-4885/78/11/116901},
   adsurl = {http://adsabs.harvard.edu/abs/2015RPPh...78k6901T},
  adsnote = {Provided by the SAO/NASA Astrophysics Data System}
}

@ARTICLE{Yang1986,
   author = {{Yang}, W.~H. and {Sturrock}, P.~A. and {Antiochos}, S.~K.},
    title = "{Force-free magnetic fields - The magneto-frictional method}",
  journal = {\apj},
 keywords = {Boundary Value Problems, Force-Free Magnetic Fields, Lorentz Force, Magnetic Field Configurations, Aerospace Environments, Boundary Conditions, Friction, Iteration, Velocity},
     year = 1986,
    month = oct,
   volume = 309,
    pages = {383-391},
      doi = {10.1086/164610},
   adsurl = {http://adsabs.harvard.edu/abs/1986ApJ...309..383Y},
  adsnote = {Provided by the SAO/NASA Astrophysics Data System}
}

@ARTICLE{Barrera1985,
   author = {{Barrera}, R.~G. and {Est\'{e}vez}, G.~A. and {Giraldo}, J.},
    title = "{Vector spherical harmonics and their application to magnetostatics}",
  journal = {Eur. J. Phys.},
     year = 1985,
    month = mar,
   volume = 6,
    pages = {287-294}
}

@ARTICLE{Graber2015,
   author = {{Graber}, V. and {Andersson}, N. and {Glampedakis}, K. and {Lander}, S.~K.
	},
    title = "{Magnetic field evolution in superconducting neutron stars}",
  journal = {\mnras},
archivePrefix = "arXiv",
   eprint = {1505.00124},
 primaryClass = "astro-ph.SR",
 keywords = {MHD, stars: magnetic field, stars: neutron},
     year = 2015,
    month = oct,
   volume = 453,
    pages = {671-681},
      doi = {10.1093/mnras/stv1648},
   adsurl = {http://adsabs.harvard.edu/abs/2015MNRAS.453..671G},
  adsnote = {Provided by the SAO/NASA Astrophysics Data System}
}



@ARTICLE{Aguilera2008,
   author = {{Aguilera}, D.~N. and {Pons}, J.~A. and {Miralles}, J.~A.},
    title = "{2D Cooling of magnetized neutron stars}",
  journal = {\aap},
archivePrefix = "arXiv",
   eprint = {0710.0854},
 keywords = {stars: neutron, stars: magnetic fields, radiation mechanisms: thermal},
     year = 2008,
    month = jul,
   volume = 486,
    pages = {255-271},
      doi = {10.1051/0004-6361:20078786},
   adsurl = {http://adsabs.harvard.edu/abs/2008A%26A...486..255A},
  adsnote = {Provided by the SAO/NASA Astrophysics Data System}
}

@ARTICLE{Vigano2011,
   author = {{Vigan{\`o}}, D. and {Pons}, J.~A. and {Miralles}, J.~A.},
    title = "{Force-free twisted magnetospheres of neutron stars}",
  journal = {\aap},
archivePrefix = "arXiv",
   eprint = {1106.5934},
 primaryClass = "astro-ph.HE",
 keywords = {stars: magnetic field, stars: neutron, magnetohydrodynamics (MHD), scattering},
     year = 2011,
    month = sep,
   volume = 533,
      eid = {A125},
    pages = {A125},
      doi = {10.1051/0004-6361/201117105},
   adsurl = {http://adsabs.harvard.edu/abs/2011A%26A...533A.125V},
  adsnote = {Provided by the SAO/NASA Astrophysics Data System}
}


@ARTICLE{Andersson2012,
   author = {{Andersson}, N.},
    title = "{Resistive relativistic magnetohydrodynamics from a charged multifluids perspective}",
  journal = {\prd},
archivePrefix = "arXiv",
   eprint = {1204.2695},
 primaryClass = "astro-ph.SR",
 keywords = {Magnetohydrodynamics and plasmas, Gravitational waves: theory, Einstein-Maxwell spacetimes spacetimes with fluids radiation or classical fields},
     year = 2012,
    month = aug,
   volume = 86,
   number = 4,
      eid = {043002},
    pages = {043002},
      doi = {10.1103/PhysRevD.86.043002},
   adsurl = {http://adsabs.harvard.edu/abs/2012PhRvD..86d3002A},
  adsnote = {Provided by the SAO/NASA Astrophysics Data System}
}

@ARTICLE{Lander2012,
   author = {{Lander}, S.~K. and {Andersson}, N. and {Glampedakis}, K.},
    title = "{Magnetic neutron star equilibria with stratification and type II superconductivity}",
  journal = {\mnras},
archivePrefix = "arXiv",
   eprint = {1106.6322},
 primaryClass = "astro-ph.SR",
 keywords = {MHD, stars: magnetars, stars: magnetic field, stars: neutron},
     year = 2012,
    month = jan,
   volume = 419,
    pages = {732-747},
      doi = {10.1111/j.1365-2966.2011.19720.x},
   adsurl = {http://adsabs.harvard.edu/abs/2012MNRAS.419..732L},
  adsnote = {Provided by the SAO/NASA Astrophysics Data System}
}

@ARTICLE{GlampedakisAndersson2011,
   author = {{Glampedakis}, K. and {Andersson}, N.},
    title = "{Magneto-rotational Neutron Star Evolution: The Role of Core Vortex Pinning}",
  journal = {\apjl},
archivePrefix = "arXiv",
   eprint = {1106.5997},
 primaryClass = "astro-ph.SR",
 keywords = {dense matter, magnetohydrodynamics: MHD, pulsars: general, stars: neutron},
     year = 2011,
    month = oct,
   volume = 740,
      eid = {L35},
    pages = {L35},
      doi = {10.1088/2041-8205/740/2/L35},
   adsurl = {http://adsabs.harvard.edu/abs/2011ApJ...740L..35G},
  adsnote = {Provided by the SAO/NASA Astrophysics Data System}
}


@ARTICLE{PassamontiAndersson2011,
   author = {{Passamonti}, A. and {Andersson}, N.},
    title = "{Hydrodynamics of rapidly rotating superfluid neutron stars with mutual friction}",
  journal = {\mnras},
archivePrefix = "arXiv",
   eprint = {1004.4563},
 primaryClass = "astro-ph.SR",
 keywords = {gravitational waves, methods: numerical, stars: neutron, stars: oscillations, stars: rotation},
     year = 2011,
    month = may,
   volume = 413,
    pages = {47-70},
      doi = {10.1111/j.1365-2966.2010.18111.x},
   adsurl = {http://adsabs.harvard.edu/abs/2011MNRAS.413...47P},
  adsnote = {Provided by the SAO/NASA Astrophysics Data System}
}

@ARTICLE{Glampedakis2011,
   author = {{Glampedakis}, K. and {Andersson}, N. and {Samuelsson}, L.},
    title = "{Magnetohydrodynamics of superfluid and superconducting neutron star cores}",
  journal = {\mnras},
archivePrefix = "arXiv",
   eprint = {1001.4046},
 primaryClass = "astro-ph.SR",
 keywords = {MHD, stars: magnetic field, stars: neutron},
     year = 2011,
    month = jan,
   volume = 410,
    pages = {805-829},
      doi = {10.1111/j.1365-2966.2010.17484.x},
   adsurl = {http://adsabs.harvard.edu/abs/2011MNRAS.410..805G},
  adsnote = {Provided by the SAO/NASA Astrophysics Data System}
}

@book{Tinkham1996,
  title={Introduction to Superconductivity: Second Edition},
  author={Tinkham, M.},
  isbn={9780486435039},
  lccn={95022378},
  series={Dover Books on Physics},
  year={2004},
  publisher={Dover Publications}
}

@ARTICLE{MereghettiReview,
   author = {{Mereghetti}, S. and {Pons}, J.~A. and {Melatos}, A.},
    title = "{Magnetars: Properties, Origin and Evolution}",
  journal = {\ssr},
archivePrefix = "arXiv",
   eprint = {1503.06313},
 primaryClass = "astro-ph.HE",
 keywords = {Neutron star, Magnetic field, Magnetar},
     year = 2015,
    month = oct,
   volume = 191,
    pages = {315-338},
      doi = {10.1007/s11214-015-0146-y},
   adsurl = {http://adsabs.harvard.edu/abs/2015SSRv..191..315M},
  adsnote = {Provided by the SAO/NASA Astrophysics Data System}
}

@ARTICLE{TurollaReview,
   author = {{Turolla}, R. and {Zane}, S. and {Watts}, A.~L.},
    title = "{Magnetars: the physics behind observations. A review}",
  journal = {Reports on Progress in Physics},
archivePrefix = "arXiv",
   eprint = {1507.02924},
 primaryClass = "astro-ph.HE",
     year = 2015,
    month = nov,
   volume = 78,
   number = 11,
      eid = {116901},
    pages = {116901},
      doi = {10.1088/0034-4885/78/11/116901},
   adsurl = {http://adsabs.harvard.edu/abs/2015RPPh...78k6901T},
  adsnote = {Provided by the SAO/NASA Astrophysics Data System}
}
@ARTICLE{Manchester2005,
   author = {{Manchester}, R.~N. and {Hobbs}, G.~B. and {Teoh}, A. and {Hobbs}, M.
	},
    title = "{VizieR Online Data Catalog: ATNF Pulsar Catalog (Manchester+, 2005)}",
  journal = {VizieR Online Data Catalog},
 keywords = {Pulsars},
     year = 2005,
    month = aug,
   volume = 7245,
   adsurl = {http://adsabs.harvard.edu/abs/2005yCat.7245....0M},
  adsnote = {Provided by the SAO/NASA Astrophysics Data System}
}

@ARTICLE{Douchin2001,
   author = {{Douchin}, F. and {Haensel}, P.},
    title = "{A unified equation of state of dense matter and neutron star structure}",
  journal = {\aap},
   eprint = {astro-ph/0111092},
 keywords = {DENSE MATTER, EQUATION OF STATE, STARS: NEUTRON},
     year = 2001,
    month = dec,
   volume = 380,
    pages = {151-167},
      doi = {10.1051/0004-6361:20011402},
   adsurl = {http://adsabs.harvard.edu/abs/2001A%26A...380..151D},
  adsnote = {Provided by the SAO/NASA Astrophysics Data System}
}

@ARTICLE{Akgun2008,
       author = {{Akg{\"u}n}, T. and {Wasserman}, I.},
        title = "{Toroidal magnetic fields in type II superconducting neutron stars}",
      journal = {\mnras},
     keywords = {dense matter, MHD, stars: magnetic fields, stars: neutron, Astrophysics},
         year = "2008",
        month = "Feb",
       volume = {383},
       number = {4},
        pages = {1551-1580},
          doi = {10.1111/j.1365-2966.2007.12660.x},
archivePrefix = {arXiv},
       eprint = {0705.2195},
 primaryClass = {astro-ph},
       adsurl = {https://ui.adsabs.harvard.edu/abs/2008MNRAS.383.1551A},
      adsnote = {Provided by the SAO/NASA Astrophysics Data System}
}

@ARTICLE{James1973,
       author = {{James}, R.~W.},
        title = "{The Adams and Elsasser Dynamo Integrals}",
      journal = {Proceedings of the Royal Society of London Series A},
         year = 1973,
        month = jan,
       volume = {331},
       number = {1587},
        pages = {469-478},
          doi = {10.1098/rspa.1973.0003},
       adsurl = {https://ui.adsabs.harvard.edu/abs/1973RSPSA.331..469J},
      adsnote = {Provided by the SAO/NASA Astrophysics Data System}
}

@ARTICLE{Wolfson1966,
       author = {{Wolfson}, Seymour J.},
        title = "{A Closed Form for Elsasser Integrals}",
      journal = {Journal of Mathematical Physics},
         year = 1966,
        month = jul,
       volume = {7},
       number = {7},
        pages = {1337-1339},
          doi = {10.1063/1.1705039},
       adsurl = {https://ui.adsabs.harvard.edu/abs/1966JMP.....7.1337W},
      adsnote = {Provided by the SAO/NASA Astrophysics Data System}
}

@ARTICLE{Gusakov2019,
       author = {{Gusakov}, M.~E.},
        title = "{Force on proton vortices in superfluid neutron stars}",
      journal = {\mnras},
     keywords = {stars: interiors, stars: neutron, Astrophysics - High Energy Astrophysical Phenomena, Astrophysics - Solar and Stellar Astrophysics, Condensed Matter - Superconductivity},
         year = 2019,
        month = jun,
       volume = {485},
       number = {4},
        pages = {4936-4950},
          doi = {10.1093/mnras/stz657},
archivePrefix = {arXiv},
       eprint = {1904.01363},
 primaryClass = {astro-ph.HE},
       adsurl = {https://ui.adsabs.harvard.edu/abs/2019MNRAS.485.4936G},
      adsnote = {Provided by the SAO/NASA Astrophysics Data System}
}

@ARTICLE{DommesGusakov2017,
       author = {{Dommes}, V.~A. and {Gusakov}, M.~E.},
        title = "{Vortex buoyancy in superfluid and superconducting neutron stars}",
      journal = {\mnras},
     keywords = {hydrodynamics, stars: interiors, stars: magnetic field, stars: neutron, Astrophysics - High Energy Astrophysical Phenomena, Astrophysics - Solar and Stellar Astrophysics, Condensed Matter - Superconductivity},
         year = 2017,
        month = may,
       volume = {467},
       number = {1},
        pages = {L115-L119},
          doi = {10.1093/mnrasl/slx011},
archivePrefix = {arXiv},
       eprint = {1701.06870},
 primaryClass = {astro-ph.HE},
       adsurl = {https://ui.adsabs.harvard.edu/abs/2017MNRAS.467L.115D},
      adsnote = {Provided by the SAO/NASA Astrophysics Data System}
}

@ARTICLE{GusakovDommes2016,
       author = {{Gusakov}, M.~E. and {Dommes}, V.~A.},
        title = "{Relativistic dynamics of superfluid-superconducting mixtures in the presence of topological defects and an electromagnetic field with application to neutron stars}",
      journal = {\prd},
     keywords = {General Relativity and Quantum Cosmology, Astrophysics - High Energy Astrophysical Phenomena, Condensed Matter - Superconductivity},
         year = 2016,
        month = oct,
       volume = {94},
       number = {8},
          eid = {083006},
        pages = {083006},
          doi = {10.1103/PhysRevD.94.083006},
archivePrefix = {arXiv},
       eprint = {1607.01629},
 primaryClass = {gr-qc},
       adsurl = {https://ui.adsabs.harvard.edu/abs/2016PhRvD..94h3006G},
      adsnote = {Provided by the SAO/NASA Astrophysics Data System}
}

@ARTICLE{GoldreichReisenegger1992,
       author = {{Goldreich}, Peter and {Reisenegger}, Andreas},
        title = "{Magnetic Field Decay in Isolated Neutron Stars}",
      journal = {\apj},
     keywords = {Charged Particles, Magnetic Flux, Magnetic Stars, Neutron Stars, Stellar Magnetic Fields, Decay, Early Stars, Pulsars, X Ray Binaries, Astrophysics, STARS: MAGNETIC FIELDS, STARS: NEUTRON},
         year = 1992,
        month = aug,
       volume = {395},
        pages = {250},
          doi = {10.1086/171646},
       adsurl = {https://ui.adsabs.harvard.edu/abs/1992ApJ...395..250G},
      adsnote = {Provided by the SAO/NASA Astrophysics Data System}
}

@ARTICLE{Passamonti2017a,
       author = {{Passamonti}, Andrea and {Akg{\"u}n}, Taner and {Pons}, Jos{\'e} A. and
         {Miralles}, Juan A.},
        title = "{The relevance of ambipolar diffusion for neutron star evolution}",
      journal = {\mnras},
     keywords = {methods: numerical, stars: evolution, stars: magnetars, stars: magnetic field, stars: neutron, Astrophysics - High Energy Astrophysical Phenomena, Astrophysics - Solar and Stellar Astrophysics},
         year = 2017,
        month = mar,
       volume = {465},
       number = {3},
        pages = {3416-3428},
          doi = {10.1093/mnras/stw2936},
archivePrefix = {arXiv},
       eprint = {1608.00001},
 primaryClass = {astro-ph.HE},
       adsurl = {https://ui.adsabs.harvard.edu/abs/2017MNRAS.465.3416P},
      adsnote = {Provided by the SAO/NASA Astrophysics Data System}
}

@ARTICLE{Passamonti2017b,
       author = {{Passamonti}, Andrea and {Akg{\"u}n}, Taner and {Pons}, Jos{\'e} A. and
         {Miralles}, Juan A.},
        title = "{On the magnetic field evolution time-scale in superconducting neutron star cores}",
      journal = {\mnras},
     keywords = {stars: evolution, stars: magnetars, stars: magnetic field, stars: neutron, Astrophysics - High Energy Astrophysical Phenomena, Astrophysics - Solar and Stellar Astrophysics},
         year = 2017,
        month = aug,
       volume = {469},
       number = {4},
        pages = {4979-4984},
          doi = {10.1093/mnras/stx1192},
archivePrefix = {arXiv},
       eprint = {1704.02016},
 primaryClass = {astro-ph.HE},
       adsurl = {https://ui.adsabs.harvard.edu/abs/2017MNRAS.469.4979P},
      adsnote = {Provided by the SAO/NASA Astrophysics Data System}
}

@ARTICLE{Dommes2020,
       author = {{Dommes}, V.~A. and {Gusakov}, M.~E. and {Shternin}, P.~S.},
        title = "{Dissipative relativistic magnetohydrodynamics of a multicomponent mixture and its application to neutron stars}",
      journal = {\prd},
     keywords = {Astrophysics - High Energy Astrophysical Phenomena},
         year = 2020,
        month = may,
       volume = {101},
       number = {10},
          eid = {103020},
        pages = {103020},
          doi = {10.1103/PhysRevD.101.103020},
archivePrefix = {arXiv},
       eprint = {2006.09840},
 primaryClass = {astro-ph.HE},
       adsurl = {https://ui.adsabs.harvard.edu/abs/2020PhRvD.101j3020D},
      adsnote = {Provided by the SAO/NASA Astrophysics Data System}
}

@ARTICLE{Prix2004,
       author = {{Prix}, Reinhard},
        title = "{Variational description of multifluid hydrodynamics: Uncharged fluids}",
      journal = {\prd},
     keywords = {47.10.+g, 44.10.+i, 47.37.+q, 95.30.Lz, Heat conduction, Hydrodynamic aspects of superfluidity, quantum fluids, Hydrodynamics, Physics - Fluid Dynamics, Astrophysics, Condensed Matter},
         year = 2004,
        month = feb,
       volume = {69},
       number = {4},
          eid = {043001},
        pages = {043001},
          doi = {10.1103/PhysRevD.69.043001},
archivePrefix = {arXiv},
       eprint = {physics/0209024},
 primaryClass = {physics.flu-dyn},
       adsurl = {https://ui.adsabs.harvard.edu/abs/2004PhRvD..69d3001P},
      adsnote = {Provided by the SAO/NASA Astrophysics Data System}
}

@ARTICLE{GourgoWoodHollerbach2016,
       author = {{Gourgouliatos}, Konstantinos N. and {Wood}, Toby S. and {Hollerbach}, Rainer},
        title = "{Magnetic field evolution in magnetar crusts through three-dimensional simulations}",
      journal = {Proceedings of the National Academy of Science},
     keywords = {neutron stars, magnetars, pulsars, magnetohydrodynamics, Physical Sciences,Astronomy, Astrophysics - Solar and Stellar Astrophysics, Astrophysics - High Energy Astrophysical Phenomena},
         year = 2016,
        month = apr,
       volume = {113},
       number = {15},
        pages = {3944-3949},
          doi = {10.1073/pnas.1522363113},
archivePrefix = {arXiv},
       eprint = {1604.01399},
 primaryClass = {astro-ph.SR},
       adsurl = {https://ui.adsabs.harvard.edu/abs/2016PNAS..113.3944G},
      adsnote = {Provided by the SAO/NASA Astrophysics Data System}
}

@ARTICLE{WoodHollerback2015,
       author = {{Wood}, T.~S. and {Hollerbach}, R.},
        title = "{Three Dimensional Simulation of the Magnetic Stress in a Neutron Star Crust}",
      journal = {\prl},
     keywords = {97.60.Jd, 47.65.-d, 52.30.Cv, 97.60.Gb, Neutron stars, Magnetohydrodynamics and electrohydrodynamics, Magnetohydrodynamics, Pulsars, Astrophysics - Solar and Stellar Astrophysics},
         year = 2015,
        month = may,
       volume = {114},
       number = {19},
          eid = {191101},
        pages = {191101},
          doi = {10.1103/PhysRevLett.114.191101},
archivePrefix = {arXiv},
       eprint = {1501.05149},
 primaryClass = {astro-ph.SR},
       adsurl = {https://ui.adsabs.harvard.edu/abs/2015PhRvL.114s1101W},
      adsnote = {Provided by the SAO/NASA Astrophysics Data System}
}

@ARTICLE{WoodGraber2020,
       author = {{Wood}, Toby S. and {Graber}, Vanessa and {Newton}, William G.},
        title = "{Superconducting phases in a two-component microscale model of neutron star cores}",
      journal = {arXiv e-prints},
     keywords = {Condensed Matter - Superconductivity, Astrophysics - High Energy Astrophysical Phenomena, Astrophysics - Solar and Stellar Astrophysics, Nuclear Theory},
         year = 2020,
        month = nov,
          eid = {arXiv:2011.02873},
        pages = {arXiv:2011.02873},
archivePrefix = {arXiv},
       eprint = {2011.02873},
 primaryClass = {cond-mat.supr-con},
       adsurl = {https://ui.adsabs.harvard.edu/abs/2020arXiv201102873W},
      adsnote = {Provided by the SAO/NASA Astrophysics Data System}
}

@ARTICLE{Andersson2006,
       author = {{Andersson}, N. and {Sidery}, T. and {Comer}, G.~L.},
        title = "{Mutual friction in superfluid neutron stars}",
      journal = {\mnras},
     keywords = {dense matter, gravitational waves, hydrodynamics, stars: neutron, pulsars: general, Astrophysics},
         year = 2006,
        month = may,
       volume = {368},
       number = {1},
        pages = {162-170},
          doi = {10.1111/j.1365-2966.2006.10147.x},
archivePrefix = {arXiv},
       eprint = {astro-ph/0510057},
 primaryClass = {astro-ph},
       adsurl = {https://ui.adsabs.harvard.edu/abs/2006MNRAS.368..162A},
      adsnote = {Provided by the SAO/NASA Astrophysics Data System}
}

@ARTICLE{Alpar1984,
       author = {{Alpar}, M.~A. and {Langer}, S.~A. and {Sauls}, J.~A.},
        title = "{Rapid postglitch spin-up of the superfluid core in pulsars.}",
      journal = {\apj},
     keywords = {Magnetohydrodynamics, Neutron Stars, Pulsars, Stellar Cores, Stellar Rotation, Superfluidity, Drag, Electron Scattering, Stellar Magnetic Fields, Astrophysics},
         year = 1984,
        month = jul,
       volume = {282},
        pages = {533-541},
          doi = {10.1086/162232},
       adsurl = {https://ui.adsabs.harvard.edu/abs/1984ApJ...282..533A},
      adsnote = {Provided by the SAO/NASA Astrophysics Data System}
}
